<?xml version="1.0" encoding="UTF-8"?>
<collection xmlns="http://www.loc.gov/MARC21/slim" xmlns:marc="http://www.loc.gov/MARC21/slim" xmlns:xsi="http://www.w3.org/2001/XMLSchema-instance" xsi:schemaLocation="http://www.loc.gov/MARC21/slim http://www.loc.gov/standards/marcxml/schema/MARC21slim.xsd">
  <record>
    <leader>00000npcaa2200000 u 4500</leader>
    <controlfield tag="003">NyBlHS</controlfield>
    <controlfield tag="005">20211110170020.0</controlfield>
    <controlfield tag="008">211110i18801995xx                  eng d</controlfield>
    <datafield ind1="7" ind2=" " tag="024">
      <subfield code="a">(NyBlHS)1995.004</subfield>
      <subfield code="2">local</subfield>
    </datafield>
    <datafield ind1="" ind2="" tag="035">
      <subfield code="a">(NyBlHS)1995.004-20211110</subfield>
    </datafield>
    <datafield ind1=" " ind2=" " tag="040">
      <subfield code="a">NyBlHS</subfield>
      <subfield code="b">eng</subfield>
      <subfield code="c">NyBlHS</subfield>
      <subfield code="e">dacs</subfield>
    </datafield>
    <datafield ind1="0" ind2=" " tag="041">
      <subfield code="a">eng</subfield>
    </datafield>
    <datafield ind1=" " ind2=" " tag="099">
      <subfield code="a">1995.004</subfield>
    </datafield>
    <datafield ind1="2" ind2=" " tag="110">
      <subfield code="a">Mrs. Field's Literary Club (Brooklyn, New York, N.Y.),</subfield>
      <subfield code="e">creator.</subfield>
    </datafield>
    <datafield ind1="1" ind2="0" tag="245">
      <subfield code="a">Mrs. Field's Literary Club records,</subfield>
      <subfield code="f">circa 1880 to 1995.</subfield>
    </datafield>
    <datafield ind1=" " ind2=" " tag="300">
      <subfield code="a">4.8</subfield>
      <subfield code="f">Linear Feet (in eleven manuscript boxes and one small flat box.)</subfield>
    </datafield>
    <datafield ind1=" " ind2=" " tag="300">
      <subfield code="a">6</subfield>
      <subfield code="f">Cassettes (in one small flat box. )</subfield>
    </datafield>
    <datafield ind1=" " ind2=" " tag="351">
      <subfield code="b">The collection is in chronological order.</subfield>
    </datafield>
    <datafield ind1=" " ind2=" " tag="500">
      <subfield code="a">Processing Information: The records were initially processed and arranged by restriction date by Nicholas Pavlik in 2011. This arrangement was maintained and the records were described by Alice Griffin in 2021. The archivist also created preservation photocopies of newspaper clippings.</subfield>
    </datafield>
    <datafield ind1=" " ind2=" " tag="500">
      <subfield code="a">Materials Separated from the Resource: A copy of  A history of Mrs. Field's Literary Club  (1909) was transferred to the Center for Brooklyn History's Library Main Collection.</subfield>
    </datafield>
    <datafield ind1=" " ind2=" " tag="506">
      <subfield code="a">Per donor agreement, materials dated through 1950 are currently open to researchers without restriction, but access restrictions apply for later materials in the collection. Materials dating from the 1950s will be open to researchers in 2025, materials dating from the 1960s will be open to researchers in 2035, materials dating from the 1970s will be open to researchers in 2045, and materials dating from the 1980s will be open to researchers in 2055.</subfield>
    </datafield>
    <datafield ind1=" " ind2=" " tag="506">
      <subfield code="a">The collection may only be used in the library and is not available through interlibrary loan. Due to preservation concerns, the audiocassettes in Box 12 are not open for research.</subfield>
    </datafield>
    <datafield ind1="3" ind2=" " tag="520">
      <subfield code="a">This collection contains materials generated by the Mrs. Field's Literary Club, a club for women founded in 1884. The collection includes correspondence, minutes, programs, essays, photographs, and audio cassettes from meetings and events.</subfield>
    </datafield>
    <datafield ind1="8" ind2=" " tag="524">
      <subfield code="a">Identification of item, date (if known); Mrs. Field's Literary Club Records, 1995.004, Box and Folder number; Center for Brooklyn History.</subfield>
    </datafield>
    <datafield ind1=" " ind2=" " tag="540">
      <subfield code="a">While many items at the Center for Brooklyn History are unrestricted, we do not own reproduction rights to all materials. Be aware of the several kinds of rights that might apply: copyright, licensing and trademarks. The researcher assumes all responsibility for copyright questions.</subfield>
    </datafield>
    <datafield ind1="1" ind2=" " tag="541">
      <subfield code="a">Gift of Mrs. Field's Literary Club, 1996.</subfield>
    </datafield>
    <datafield ind1=" " ind2=" " tag="544">
      <subfield code="n">The Center for Brooklyn History holds the following related collections:

- Brooklyn Clubs Collection, 1843-2005 (ARC.172) The following published materials included in this collection are also cataloged in the Center for Brooklyn History Library's Main Collection:

- Mrs. Field's Literary Club.  Mrs. Field's Literary Club : poetry meeting, April 3, 1941 . 1941.

- Mrs. Field's Literary Club.  A history of Mrs. Field's Literary Club . 1909.</subfield>
    </datafield>
    <datafield ind1=" " ind2=" " tag="555">
      <subfield code="a">Finding aid online:</subfield>
      <subfield code="u">http://dlib.nyu.edu/findingaids/html/bhs/arms_1995_004_mrs_fields/</subfield>
    </datafield>
    <datafield ind1="2" ind2="7" tag="610">
      <subfield code="a">Mrs. Field's Literary Club (Brooklyn, New York, N.Y.),</subfield>
      <subfield code="2">local</subfield>
    </datafield>
    <datafield ind1=" " ind2="0" tag="650">
      <subfield code="a">Clubs</subfield>
      <subfield code="z">New York (State)</subfield>
      <subfield code="z">Kings County</subfield>
    </datafield>
    <datafield ind1=" " ind2="0" tag="650">
      <subfield code="a">Literature |x Appreciation |z New York (State) |z Kings County</subfield>
    </datafield>
    <datafield ind1=" " ind2="0" tag="650">
      <subfield code="a">Literature |x Societies, etc.</subfield>
    </datafield>
    <datafield ind1=" " ind2="0" tag="651">
      <subfield code="a">Brooklyn (New York, N.Y.) |x Intellectual life</subfield>
    </datafield>
    <datafield ind1=" " ind2="0" tag="651">
      <subfield code="a">Brooklyn (New York, N.Y.) |x Social life and customs</subfield>
    </datafield>
    <datafield ind1=" " ind2="7" tag="655">
      <subfield code="a">Correspondence</subfield>
      <subfield code="2">aat</subfield>
    </datafield>
    <datafield ind1=" " ind2="7" tag="655">
      <subfield code="a">Minutes</subfield>
      <subfield code="2">aat</subfield>
    </datafield>
    <datafield ind1=" " ind2="7" tag="655">
      <subfield code="a">Programs (documents)</subfield>
      <subfield code="2">aat</subfield>
    </datafield>
    <datafield ind1="4" ind2="2" tag="856">
      <subfield code="y">Finding aid online</subfield>
      <subfield code="u">http://dlib.nyu.edu/findingaids/html/bhs/arms_1995_004_mrs_fields/</subfield>
    </datafield>
  </record>
</collection>

